@article{Bousquet2004,
	title={Multi-agent simulations and ecosystem management: a review},
	author={Bousquet, Fran{\c{c}}ois and Le Page, Christophe},
	journal={Ecological modelling},
	volume={176},
	number={3},
	pages={313--332},
	year={2004},
	publisher={Elsevier}
}

@article{An2012, 
	author = {An, Li}, 
	doi = {10.1016/j.ecolmodel.2011.07.010}, 
	isbn = {03043800}, 
	issn = {03043800}, 
	journal = {Ecological Modelling}, 
	keywords = {Agent-based modeling,Coupled human and natural systems,Human decision making,Review}, 
	title = {{Modeling human decisions in coupled human and natural systems: Review of agent-based models}}, 
	year = {2012} 
} 

@inproceedings{Beecham1998, 
	author = {Beecham, J. A. and Farnsworth, K. D.}, 
	booktitle = {Ecological Modelling}, 
	doi = {10.1016/S0304-3800(98)00139-2}, 
	isbn = {0304-3800}, 
	issn = {03043800}, 
	keywords = {Animal foraging,Food intake,Hierarchical hexagonal map,Individual-based model,Object-orientated modelling,Social behaviour}, 
	pmid = {446773553482320346}, 
	title = {{Animal foraging from an individual perspective: An object orientated model}}, 
	year = {1998} 
} 

@article{Brooks1991, 
	author = {Brooks, Rodney A.}, 
	doi = {10.1016/0004-3702(91)90053-M}, 
	isbn = {0004-3702}, 
	issn = {00043702}, 
	journal = {Artificial Intelligence}, 
	pmid = {14599324}, 
	title = {{Intelligence without representation}}, 
	year = {1991} 
} 

@article{DeGaris2010, 
	author = {de Garis, Hugo and Shuo, Chen and Goertzel, Ben and Ruiting, Lian}, 
	doi = {10.1016/j.neucom.2010.08.004}, 
	isbn = {0925-2312}, 
	issn = {09252312}, 
	journal = {Neurocomputing}, 
	keywords = {Artificial brains,Large-scale brain simulations}, 
	pmid = {1000253909}, 
	title = {{A world survey of artificial brain projects, Part I: Large-scale brain simulations}}, 
	year = {2010} 
} 

@article{Campos, 
	author = {Campos, Luciana M A and Dickman, Ronald and Graeff, Frederico G and Borges, Henrique E}, 
	title = {{A concurrent, minimalist model for an embodied nervous system}} 
} 

@inproceedings{Friedlander2008,
  title={LIDA and a Theory of Mind},
  author={Friedlander, David and Franklinb, Stan},
  booktitle={Artificial general intelligence, 2008: Proceedings of the first agi conference},
  volume={171},
  pages={137},
  year={2008},
  organization={IOS Press}
}

@article{Maturana1987, 
	author = {Maturana, H. R.}, 
	title = {Everything is said by an observer},  
	year = {1987}, 
	journal = {THOMPSON, W.I. Gaia: a way of knowing. Political implications of the new biology}, 
	publisher = {New York: Lindisfarne Press}, 
	pages = "11--36" 
} 

@article{Goertzel2010, 
	author = {Goertzel, Ben and Lian, Ruiting and Arel, Itamar and de Garis, Hugo and Chen, Shuo}, 
	doi = {10.1016/j.neucom.2010.08.012}, 
	isbn = {0925-2312}, 
	issn = {09252312}, 
	journal = {Neurocomputing}, 
	keywords = {Artificial brains,Cognitive architectures}, 
	pmid = {1000310784}, 
	title = {{A world survey of artificial brain projects, Part II: Biologically inspired cognitive architectures}}, 
	year = {2010} 
} 

@article{Hl,
  title={Diet choice of a predator in the wild: overabundance of prey and missed opportunities along the prey capture sequence},
  author={Brechb{\"u}hl, Rolf and Casas, J{\'e}r{\^o}me and Bacher, Sven},
  journal={Ecosphere},
  volume={2},
  number={12},
  pages={1--15},
  year={2011},
  publisher={Wiley Online Library}
}

@article{McNamara1987,
  title={Partial preferences and foraging},
  author={McNamara, John M and Houston, Alasdair I},
  journal={Animal Behaviour},
  volume={35},
  number={4},
  pages={1084--1099},
  year={1987},
  publisher={Elsevier}
}

@article{Hewitt2012,
  title={What is computation? Actor model versus Turing’s model},
  author={Hewitt, Carl and Zenil, H},
  journal={A Computable Universe: Understanding and Exploring Nature as Computation},
  pages={159--85},
  year={2013},
  publisher={World Scientific Publishing Singapore}
}

@article{Hewitt2014, 
  title={Actor model of computation: scalable robust information systems},
  author={Hewitt, Carl},
  journal={arXiv preprint arXiv:1008.1459},
  year={2010}
}

@article{Zhang2014, 
  title={Recent experience-driven behaviour optimizes foraging},
  author={Zhang, Feng and Hui, Cang},
  journal={Animal Behaviour},
  volume={88},
  pages={13--19},
  year={2014},
  publisher={Elsevier}
}

@InProceedings{Bach2003, 
  title={The micropsi agent architecture},
  author={Bach, Joscha},
  booktitle={Proceedings of ICCM-5, international conference on cognitive modeling, Bamberg, Germany},
  pages={15--20},
  year={2003},
  organization={Citeseer}
}

@inproceedings{Bach2012, 
  title={MicroPsi 2: the next generation of the MicroPsi framework},
  author={Bach, Joscha},
  booktitle={International Conference on Artificial General Intelligence},
  pages={11--20},
  year={2012},
  organization={Springer}
}

@book{Cornfeld2012,
  title={Ergodic theory},
  author={Cornfeld, Isaac P and Fomin, Sergej V and Sinai, Yakov Grigor'evǐc},
  volume={245},
  year={2012},
  publisher={Springer Science \& Business Media}
}

@book{Armstrong2007,
  title={Programming Erlang: software for a concurrent world},
  author={Armstrong, Joe},
  year={2007},
  publisher={Pragmatic Bookshelf}
}

@article {Yerkes1908,
	author = {Yerkes, Robert M. and Dodson, John D.},
	title = {The relation of strength of stimulus to rapidity of habit-formation},
	journal = {Journal of Comparative Neurology and Psychology},
	volume = {18},
	number = {5},
	publisher = {The Wistar Institute of Anatomy and Biology},
	issn = {1550-7149},
	url = {http://dx.doi.org/10.1002/cne.920180503},
	doi = {10.1002/cne.920180503},
	pages = {459--482},
	year = {1908},
}
